<record><leader>00000cas a22000007a 4500</leader><controlfield tag="001">25030152</controlfield><controlfield tag="008">911230d198119uucouwr ne      0    0eng d</controlfield><datafield ind1=" " ind2=" " tag="010"><subfield code="a">sn 91052665 </subfield></datafield><datafield ind1=" " ind2=" " tag="040"><subfield code="a">CNQ</subfield><subfield code="b">eng</subfield><subfield code="c">CNQ</subfield><subfield code="d">OCLCQ</subfield></datafield><datafield ind1=" " ind2=" " tag="042"><subfield code="a">msc</subfield></datafield><datafield ind1="0" ind2="0" tag="245"><subfield code="a">News and Eagle County review.</subfield></datafield><datafield ind1=" " ind2=" " tag="260"><subfield code="a">Vail, Colo. :</subfield><subfield code="b">Print Enterprises Inc.</subfield></datafield><datafield ind1=" " ind2=" " tag="300"><subfield code="a">v.</subfield></datafield><datafield ind1=" " ind2=" " tag="310"><subfield code="a">Weekly</subfield></datafield><datafield ind1="0" ind2=" " tag="362"><subfield code="a">Vol. 10, no. 30 (July 23, 1981)-</subfield></datafield><datafield ind1=" " ind2=" " tag="752"><subfield code="a">United States</subfield><subfield code="b">Colorado</subfield><subfield code="c">Eagle</subfield><subfield code="d">Vail.</subfield></datafield><datafield ind1="0" ind2="0" tag="780"><subfield code="t">News (Vail, Colo.)</subfield><subfield code="w">(DLC)sn 81000524</subfield></datafield></record>